@book{newton1999principia,
  title={The Principia: Mathematical Principles of Natural Philosophy},
  author={Newton, I. and Cohen, I.B. and Whitman, A.},
  isbn={9780520088160},
  lccn={99010278},
  series={The Principia: Mathematical Principles of Natural Philosophy},
  url={https://books.google.co.uk/books?id=kmglDQAAQBAJ},
  year={1999},
  publisher={University of California Press}
}
@article{cavendish,
author = {Cavendish, Henry },
title = {XXI. Experiments to determine the density of the earth},
journal = {Philosophical Transactions of the Royal Society of London},
volume = {88},
pages = {469-526},
year = {1798},
doi = {10.1098/rstl.1798.0022},
URL = {https://royalsocietypublishing.org/doi/abs/10.1098/rstl.1798.0022},
eprint = {https://royalsocietypublishing.org/doi/pdf/10.1098/rstl.1798.0022},
}
@ARTICLE{2012ApJ...750..135E,
       author = {{Emilio}, M. and {Kuhn}, J.~R. and {Bush}, R.~I. and {Scholl}, I.~F.},
        title = "{Measuring the Solar Radius from Space during the 2003 and 2006 Mercury Transits}",
      journal = {The Astrophysical Journal},
     keywords = {astrometry, Sun: fundamental parameters, Sun: photosphere, Astrophysics - Solar and Stellar Astrophysics},
         year = 2012,
        month = may,
       volume = {750},
       number = {2},
          eid = {135},
        pages = {135},
          doi = {10.1088/0004-637X/750/2/135},
archivePrefix = {arXiv},
       eprint = {1203.4898},
 primaryClass = {astro-ph.SR},
       adsurl = {https://ui.adsabs.harvard.edu/abs/2012ApJ...750..135E},
      adsnote = {Provided by the SAO/NASA Astrophysics Data System}
}
@article{JPL2,
    author = {Donald K Yeomans},
    title = {HORIZONS Web-Interface for Mercury Major Body},
    journal = {JPL Horizons On-Line Ephemeris},
    year = {2008},
    url = {http://ssd.jpl.nasa.gov/horizons.cgi?find_body=1&body_group=mb&sstr=1},
    note = {Select "Ephemeris Type: Orbital Elements", "Time Span: 2000-01-01 12:00 to 2000-01-02". ("Target Body: Mercury" and "Center: Sun" should be defaulted to.) Results are instantaneous osculating values at the precise J2000 epoch, retrieved April 7, 2008},
}
@ARTICLE{1916AnP...354..769E,
       author = {{Einstein}, A.},
        title = "{Die Grundlage der allgemeinen Relativit{\"a}tstheorie}",
      journal = {Annalen der Physik},
         year = 1916,
        month = jan,
       volume = {354},
       number = {7},
        pages = {769-822},
          doi = {10.1002/andp.19163540702},
       adsurl = {https://ui.adsabs.harvard.edu/abs/1916AnP...354..769E},
      adsnote = {Provided by the SAO/NASA Astrophysics Data System}
}



